<?xml version="1.0" encoding="UTF-8"?><collection xmlns="http://www.loc.gov/MARC21/slim"><record><leader>00536nam--2200145-i-4500</leader><controlfield tag="001">000009314</controlfield><controlfield tag="002">20161230</controlfield><controlfield tag="005">20170210122828</controlfield><controlfield tag="008">060222s1000------------r-----000-0-eng-d</controlfield><datafield ind1=" " ind2=" " tag="100"><subfield code="a">Ballarin, Silvio</subfield></datafield><datafield ind1=" " ind2=" " tag="245"><subfield code="a">Riduzione da apportare alle misure di gravita quando l andamento del terreno nelle immediate vicinanze della stazione puo essere schematizzato con quello di un piano di nota pendenza</subfield></datafield><datafield ind1=" " ind2=" " tag="260"><subfield code="a">Pisa</subfield><subfield code="b">Facolta Di Ingegneria Dell Universita Di Pisa</subfield><subfield code="c">1968</subfield></datafield><datafield ind1=" " ind2=" " tag="300"><subfield code="a">6 p</subfield></datafield><datafield ind1=" " ind2=" " tag="852"><subfield code="a">543.21</subfield></datafield><datafield ind1=" " ind2=" " tag="CAT"><subfield code="a">SYS</subfield><subfield code="c">20170210</subfield><subfield code="h">122828</subfield></datafield></record></collection>